@manual{navod,
    title = {Návod k úloze 6 - Měření ionizujícího záření},
    author = {Beneš, Petr a kolektiv},
    year = 2025,
    organization = {UAMT FEKT VUT}
}

@manual{vypocty,
    title = {Základní terminologie a výpočty},
    author = {Beneš, Petr a kolektiv},
    year = 2025,
    organization = {UAMT FEKT VUT}
}